%http://www.bibtex.org/Using/
% article example, keyword: 'Beauregard2005'
@article{Beauregard2005,
  author  = {Beauregard, Eric and Proulx, Jean and Rossmo, D. Kim},
  title   = {Spatial patterns of sex offenders: Theoretical, empirical, and practical issues},
  journal = {Aggression and Violent Behavior},
  volume  = {10},
  year    = {2005},
  number  = {5},
  pages   = {579--603}
}

% book example
@misc{doboszczak,
  title  = {Mathematical Modeling by Differential Equations},
  author = {{Doboszczak, Stefan} and {Virginia Forstall}},
  year   = {2013},
  note   = {\url{http://www.norbertwiener.umd.edu/Education/m3cdocs/Presentation2.pdf}. Accessed on january 14, 2015}
}

% webpage
@book{Hicks2006,
  author    = {Hicks, Scotia J. and Sales, Bruce D.},
  title     = {Crime Analysis: From First Report to Final Arrest},
  publisher = {American Psychological Association},
  address   = {Washington, DC},
  year      = {2006},
  pages     = {245}
}

@misc{spotcrime,
  title = {SpotCrime.com},
  note  = {\url{http://www.spotcrime.com}. Accessed on january 14, 2015}
}

\bibliographystyle{IEEEtran}
\bibliography{IEEEexample}

@article{trait,
  title={A trait-based understanding of wood decomposition by fungi},
  author={Lustenhouwer, Nicky and Maynard, Daniel S and Bradford, Mark A and Lindner, Daniel L and Oberle, Brad and Zanne, Amy E and Crowther, Thomas W},
  journal={Proceedings of the National Academy of Sciences},
  volume={117},
  number={21},
  pages={11551--11558},
  year={2020},
  publisher={National Acad Sciences}
}

@article{analytical,
  title={Analytical note on certain rhythmic relations in organic systems},
  author={Lotka, Alfred J},
  journal={Proceedings of the National Academy of Sciences},
  volume={6},
  number={7},
  pages={410--415},
  year={1920},
  publisher={National Acad Sciences}
}

@article{competition,
  title={Competition and Coexistence in Model Populations},
  author={Burns, KC and Lester, PJ},
  year={2008},
  publisher={Elsevier}
}

@inproceedings{Competition,
  title={competition in fungi},
  author={Sadasivan, TS},
  booktitle={Proceedings of the Indian Academy of Sciences-Section B},
  volume={10},
  number={1},
  pages={1--26},
  year={1939},
  organization={Springer India}
}

@article{competitive,
  title={Competitive Lotka--Volterra population dynamics with jumps},
  author={Bao, Jianhai and Mao, Xuerong and Yin, Geroge and Yuan, Chenggui},
  journal={Nonlinear Analysis: Theory, Methods \& Applications},
  volume={74},
  number={17},
  pages={6601--6616},
  year={2011},
  publisher={Elsevier}
}

@article{consistent,
  title={Consistent trade-offs in fungal trait expression across broad spatial scales},
  author={Maynard, Daniel S and Bradford, Mark A and Covey, Kristofer R and Lindner, Daniel and Glaeser, Jessie and Talbert, Douglas A and Tinker, Paul Joshua and Walker, Donald M and Crowther, Thomas W},
  journal={Nature microbiology},
  volume={4},
  number={5},
  pages={846--853},
  year={2019},
  publisher={Nature Publishing Group}
}

@article{defining,
  title={Defining trait-based microbial strategies with consequences for soil carbon cycling under climate change},
  author={Malik, Ashish A and Martiny, Jennifer BH and Brodie, Eoin L and Martiny, Adam C and Treseder, Kathleen K and Allison, Steven D},
  journal={The ISME journal},
  volume={14},
  number={1},
  pages={1--9},
  year={2020},
  publisher={Nature Publishing Group}
}

@article{diversity,
  title={Diversity begets diversity in competition for space},
  author={Maynard, Daniel S and Bradford, Mark A and Lindner, Daniel L and van Diepen, Linda TA and Frey, Serita D and Glaeser, Jessie A and Crowther, Thomas W},
  journal={Nature ecology \& evolution},
  volume={1},
  number={6},
  pages={1--8},
  year={2017},
  publisher={Nature Publishing Group}
}

@article{experimental,
  title={Experimental demonstration of Volterra's periodic oscillations in the numbers of animals},
  author={Gause, GF},
  journal={Journal of Experimental Biology},
  volume={12},
  number={1},
  pages={44--48},
  year={1935},
  publisher={The Company of Biologists Ltd}
}

@article{fluctuations,
  title={Fluctuations in the abundance of a species considered mathematically},
  author={LOTKA, ALFRED J},
  journal={Nature},
  volume={119},
  number={2983},
  pages={12--12},
  year={1927},
  publisher={Nature Publishing Group}
}

@article{fundamental,
  title={Fundamental unpredictability in multispecies competition},
  author={Huisman, Jef and Weissing, Franz J},
  journal={The American Naturalist},
  volume={157},
  number={5},
  pages={488--494},
  year={2001},
  publisher={The University of Chicago Press}
}

@article{fungal,
  title={Fungal interactions reduce carbon use efficiency},
  author={Maynard, Daniel S and Crowther, Thomas W and Bradford, Mark A},
  journal={Ecology letters},
  volume={20},
  number={8},
  pages={1034--1042},
  year={2017},
  publisher={Wiley Online Library}
}

@article{lotka,
  title={Lotka, Volterra and their model},
  author={Anisiu, Mira-Cristiana},
  journal={Did{\'a}ctica mathematica},
  volume={32},
  pages={9--17},
  year={2014}
}

@article{multi,
  title={Multi-species coexistence in Lotka-Volterra competitive systems with crowding effects},
  author={Gavina, Maica Krizna A and Tahara, Takeru and Tainaka, Kei-ichi and Ito, Hiromu and Morita, Satoru and Ichinose, Genki and Okabe, Takuya and Togashi, Tatsuya and Nagatani, Takashi and Yoshimura, Jin},
  journal={Scientific reports},
  volume={8},
  number={1},
  pages={1--8},
  year={2018},
  publisher={Nature Publishing Group}
}

@article{competitive,
  title={On competitive Lotka--Volterra model in random environments},
  author={Zhu, Chao and Yin, G},
  journal={Journal of Mathematical Analysis and Applications},
  volume={357},
  number={1},
  pages={154--170},
  year={2009},
  publisher={Elsevier}
}
